%------------------------------------------------------
%       Bib file for papers in Social Networks
%		Prepared by Benjamin Kanagwa & Jose G. Quenum
%------------------------------------------------------

@incollection{Berkowitz-Wellman:88, title="Social {S}tructures: a {N}etwork {A}pproach", author="S. D. Berkowitz and B. Wellman", publisher="Cambridge {U}niversity {P}ress", year ="1988"}

@incollection{Brams-Fishburn:04, author="S. Brams and P. Fishburn", editor="K. Arrow and A. Sen and K. Sukumura", title="Voting {P}rocedures", booktitle="{H}andbook of {S}ocial {C}hoice and {W}elfare", publisher="Elsevier", year = "2004"}

@article{Boyd-Ellison:07, author="D. M. Boyd and N. B. Ellison", title="Social {N}etwork {S}ites: {D}efinition, {H}istory, and {S}cholarship", journal="Journal of {C}omputer-{M}ediated {C}ommunication", number="1", volume="13", year="2007"}

@article{Cardelli-Ghelli-Gordon:05, author="L. Cardelli and G. Ghelli and A. D. Gordon", title="{S}ecrecy and {G}roup {C}reation", journal="Information and Computation", volume="196", number="2", year="2005", pages="127--155"}


@article{Devillers-Klaudel-Koutny:06, author="R. Devillers and H. Klaudel and M. Koutny", title="Petri {N}et {S}emantics of the {F}inite $pi-calculus$ {T}erms", journal="Fundamenta Informaticae", volume="70", number="3", year="2006", pages="203-226"}

@article{Emerson-Halpern:86, author="E. A. Emerson and J. Y. Halpern", title="''sometimes'' and ''not never'' revisited: on branching versus linear temporal logic", journal="Journal of the {ACM}", volume="33", number="1", pages="151-178", year="1986"}

@incollection{Groote-Reniers:01, author="J. F. Groote and M. A. Reniers", editor="J. A. Bergstra and A. Ponse and S. A. Smolka", title="Algebraic {P}rocess {V}erification", booktitle="{H}andbook of {P}rocess {A}lgebra", publisher="Elsevier", year = "2001", pages="1151-1208"}

@inproceedings{Kleinberg-Backstrom-Huttenlocher-Xiangyang:06, author = "L. Backstrom and D. Huttenlocher and J. Kleinberg and L. Xiangyang", title = "{G}roup formation in large {S}ocial networks: {M}embership, {G}rowth, and {E}volution", booktitle = "KDD '06: {P}roceedings of the $12^{th}$ {ACM SIGKDD} {I}nternational {C}onference on {K}nowledge {D}iscovery and {D}ata {M}ining", year="2006", isbn="1-59593-339-5", pages="44--54", location="Philadelphia, {PA}, {USA}",  publisher="ACM", address="New York, {NY}, {USA}"}

@inproceedings{Kumar-Novak-Tomkins:06, author="R. Kumar and J. Novak and  A. Tomkins", title="{S}tructure and {E}volution of {O}nline {S}ocial {N}etworks", booktitle="KDD", year="2006", pages="611-617"}

@techreport{Milner-Parrow-Walker:89, author="R. Milner and J. Parrow and D. Walker", title="A {C}alculus of {M}obile {P}rocesses", institution="{L}aboratory for {F}oundations of {C}omputer {S}cience, {C}omputer {S}cience {D}epartment, {E}dinburgh {U}niversity", year="1989"}

@inproceedings{Milner:94, author="R. Milner", title="$\pi-nets$: {A} {G}raphical {F}orm of $\pi-calculus$", booktitle="ESOP", volume="788", publisher="Springer-{V}erlag", series="Lecture {N}otes in {C}omputer {S}cience", pages="26--42", year="1994"}

@article{Milner:08, author="R. Milner", title="Bigraphs and {T}heir {A}lgebra", journal="Electr. {N}otes {T}heor. {C}omput. Sci.", volume="209", year="2008", pages="5--19"}

@inproceedings{Milner:09, author="R. Milner", title="Bigraphical Categories", booktitle ="CONCUR - Concurrency Theory", year="2009", pages="30--36", editor= "M. Bravetti and G. Zavattaro", publisher="Springer-{V}erlag"}

@incollection{Parrow:01, author="J. Parrow", editor="J. A. Bergstra and A. Ponse and S. A. Smolka", title="An {I}ntroduction to the $\pi-calculus$", booktitle="{H}andbook of {P}rocess {A}lgebra", publisher="Elsevier", year = "2001", pages="479--543"}

@misc{Parrow:95, author = "J. Parrow", title = "Interaction {D}iagrams", year = "1995"}

@article{Reisig:85, author="W. Reisig", title="Petri {N}ets: {A}n {I}ntroduction", journal="{EATCS} {M}onographs on {T}heoretical {C}omputer {S}cience", editor="W. Brauer and G. Rozenberg and R. Salomaa", volume="4", publisher="Springer-{V}erlag", year="1985"}

@incollection{Reisig:98a, title="Lectures on {P}etri {N}ets {I}: {B}asic {M}odels", editor="W. Reisig and G. Rozenberg", booktitle="Advances in {Petri} {N}ets, Lecture {N}otes in {C}omputer {S}cience", publisher="Springer-{V}erlag", volume="1941", year ="1998", isbn="3-540-65306-6"}

@incollection{Reisig:98b, title="Lectures on {P}etri {N}ets {II}: {A}pplications", editor="W. Reisig and G. Rozenberg", booktitle="Advances in {Petri} {N}ets, Lecture {N}otes in {C}omputer {S}cience", publisher="Springer-{V}erlag", volume="1942", year ="1998", isbn="3-540-65307-4"}

@inproceedings{Winskel-Nielsen:95, author = "G. Winskel and M. Nielsen", title = "Models for {C}oncurrency", booktitle = "Handbook of Logic in Computer Science", year ="1995", pages ="1--148", publisher = "Oxford {U}niversity {P}ress"}

@inproceedings{He-Yuan-Zeng:07, author="Z. He and L. Yuan and G. Zeng", title="A {P}rocess {A}lgebraic {A}pproach to {M}odeling {C}ollective {B}ehaviors in {S}ocial {N}etworks", booktitle="Proceedings of the {T}hird {I}nternational {C}onference on {S}emantics, {K}nowledge and {G}rid", year="2007", pages="62--67"}

@book{howe:08, author="J. Howe",  edition="1", publisher="Crown Business",  title="Crowdsourcing: {W}hy the {P}ower of the {C}rowd {I}s {D}riving the {F}uture of {B}usiness",  year="2008",  month="August"}

@inproceedings{KumarNT:06,  author="R. Kumar and J. Novak and A. Tomkins",  title="Structure and {E}volution of {O}nline {S}ocial {N}etworks", booktitle="KDD", year="2006", pages="611-617"}

@book{Page:07 ,  author="Miller, John H. and Page, Scott E.",  edition="illustrated edition", publisher="Princeton {U}niversity {P}ress", title="Complex Adaptive Systems: An Introduction to Computational Models of Social Life (Princeton Studies in Complexity)", year="2007"}

@article{Anderson:02,  author="David P. Anderson and Jeff Cobb and Eric Korpela and Matt Lebofsky and Dan Werthimer",  title="SETI@",  journal="Commun. ACM",  volume="45",  number="11",  year="2002",  pages="56-61"}
